Account Name       :                	Mr. PRAKHAR  GUPTA
Address            :	WARD NO 5
                                    	INFRONT OF RLY STATION BAMHNI BANJAR
                                    	WARD NO 5-481771
                                    	Mandla
Date               :                	10 Feb 2023
Account Number     :	_00000035011040770
Account Description:	SBCHQ-GEN-PUB-IND-RURAL-INR
Branch             :	BAMHNI
Drawing Power      :	0.00
Interest Rate(% p.a.):	2.7
MOD Balance      :	0.00
CIF No.          :	_88518369114
IFS (Indian Financial System) Code         :	SBIN0013651
MICR (Magnetic Ink Character Recognition)  Code        :	_481002501
Nomination Registered    :	Yes 
Balance on 1 Jan 2023        :	1,13,174.55
Start Date          :	1 Jan 2023
End Date            :	31 Jan 2023
Txn Date	Value Date	Description	Ref No./Cheque No.	        Debit	Credit	Balance	
1 Jan 2023	1 Jan 2023	   BY TRANSFER-UPI/CR/300183167819/SAURAV  /SBIN/saurav.sha/UPI--	TRANSFER FROM 4693681162094	 	10,000.00	1,23,174.55
1 Jan 2023	1 Jan 2023	   TO TRANSFER-UPI/DR/300184823396/CHUBBY C/PYTM/paytmqr281/Payme--	TRANSFER TO 4697000162090	20.00	 	1,23,154.55
2 Jan 2023	2 Jan 2023	   TO TRANSFER-UPI/DR/336899199553/AKASH KU/YESB/Q727410329/Payme--	TRANSFER TO 5097511162097	20.00	 	1,23,134.55
2 Jan 2023	2 Jan 2023	   TO TRANSFER-UPI/DR/300295489574/SULAIMAN M/FDRL/BHARATPE.9/Pay--	TRANSFER TO 5097524162092	36.00	 	1,23,098.55
2 Jan 2023	2 Jan 2023	   TO TRANSFER-UPI/DR/300221235799/SWIGGY/YESB/swiggy@yes/Debit M--	TRANSFER TO 4695805162091	205.00	 	1,22,893.55
3 Jan 2023	3 Jan 2023	   TO TRANSFER-UPI/DR/300336621964/SWIGGY/ICIC/upiswiggy@/Payment--	TRANSFER TO 4692506162093	164.00	 	1,22,729.55
3 Jan 2023	3 Jan 2023	   TO TRANSFER-UPI/DR/300336628350/Swiggy/ICIC/swiggystor/Payment--	TRANSFER TO 5097696162094	125.00	 	1,22,604.55
4 Jan 2023	4 Jan 2023	   TO TRANSFER-UPI/DR/300406002921/DMI Fina/YESB/rzpvatdmif/Payme--	TRANSFER TO 4695997162090	8,304.38	 	1,14,300.17
4 Jan 2023	4 Jan 2023	   TO TRANSFER-UPI/DR/337058058793/MURUGAN  G/SBIN/9686763210/Pay--	TRANSFER TO 4694016162095	80.00	 	1,14,220.17
4 Jan 2023	4 Jan 2023	   TO TRANSFER-UPI/DR/300439093423/SWIGGY/ICIC/upiswiggy@/Payment--	TRANSFER TO 4692531162093	205.00	 	1,14,015.17
4 Jan 2023	4 Jan 2023	   TO TRANSFER-UPI/DR/300468283990/Swiggy/UTIB/swiggyupi@/Swiggy--	TRANSFER TO 4692500162098	265.00	 	1,13,750.17
4 Jan 2023	4 Jan 2023	   TO TRANSFER-UPI/DR/300426052579/Wakefit/HDFC/wakefit.ca/Pay fo--	TRANSFER TO 4696005162093	13,311.00	 	1,00,439.17
5 Jan 2023	5 Jan 2023	   TO TRANSFER-UPI/DR/337169845740/SYED MAN/KKBK/9738886031/Shoes--	TRANSFER TO 5099618162092	299.00	 	1,00,140.17
5 Jan 2023	5 Jan 2023	   TO TRANSFER-UPI/DR/300509730525/Atendra /UTIB/gpay-11183/Allo--	TRANSFER TO 4696072162094	120.00	 	1,00,020.17
5 Jan 2023	5 Jan 2023	   TO TRANSFER-UPI/DR/337158334448/PhonePe/YESB/BBPSBP@ybl/Paymen--	TRANSFER TO 5097814162093	199.00	 	99,821.17
5 Jan 2023	5 Jan 2023	   TO TRANSFER-UPI/DR/337133808864/PhonePe/YESB/BBPSBP@ybl/Paymen--	TRANSFER TO 4692543162099	88.00	 	99,733.17
5 Jan 2023	5 Jan 2023	   TO TRANSFER-UPI/DR/300585052668/SWIGGYIN/YESB/swiggyinst/Debit--	TRANSFER TO 5097784162094	327.00	 	99,406.17
5 Jan 2023	5 Jan 2023	   BY TRANSFER-UPI/CR/300581513612/SWIGGYIN/YESB/swiggyinst/Refun--	TRANSFER FROM 4693450162096	 	92.00	99,498.17
5 Jan 2023	5 Jan 2023	   TO TRANSFER-UPI/DR/300567096270/AROMAL S/FDRL/aromalsale/Payme--	TRANSFER TO 4694265162090	50.00	 	99,448.17
6 Jan 2023	6 Jan 2023	   TO TRANSFER-UPI/DR/300693670466/Hotel sa/PYTM/paytmqr281/Payme--	TRANSFER TO 4696192162097	47.00	 	99,401.17
6 Jan 2023	6 Jan 2023	   TO TRANSFER-UPI/DR/300678154332/Hotel sa/PYTM/paytmqr281/Payme--	TRANSFER TO 4692607162099	12.00	 	99,389.17
6 Jan 2023	6 Jan 2023	   TO TRANSFER-UPI/DR/300622138402/Swiggy/UTIB/swiggyupi@/Swiggy--	TRANSFER TO 5097883162091	434.00	 	98,955.17
6 Jan 2023	6 Jan 2023	   TO TRANSFER-UPI/DR/300659178895/Hotel sa/PYTM/paytmqr281/Payme--	TRANSFER TO 4696170162092	24.00	 	98,931.17
6 Jan 2023	6 Jan 2023	   TO TRANSFER-UPI/DR/300662944671/JOHN PET/YESB/BHARATPE09/Pay T--	TRANSFER TO 4696202162099	2,061.00	 	96,870.17
7 Jan 2023	7 Jan 2023	   TO TRANSFER-UPI/DR/300716982266/SWIGGY/YESB/swiggy@yes/Debit M--	TRANSFER TO 4696990162099	110.00	 	96,760.17
7 Jan 2023	7 Jan 2023	   TO TRANSFER-UPI/DR/300705265098/Ram smok/PYTM/paytmqr281/Payme--	TRANSFER TO 5098004162095	120.00	 	96,640.17
7 Jan 2023	7 Jan 2023	   TO TRANSFER-UPI/DR/300713180027/Bangalor/utib/englishbmr/UPI P--	TRANSFER TO 4696970162093	49.40	 	96,590.77
7 Jan 2023	7 Jan 2023	   TO TRANSFER-UPI/DR/300706405950/USHA   P/YESB/BHARATPE90/Pay t--	TRANSFER TO 4696285162092	200.00	 	96,390.77
8 Jan 2023	8 Jan 2023	   TO TRANSFER-UPI/DR/337462522046/ASLAM  P/SBIN/9916667117/Porte--	TRANSFER TO 4695742162091	388.00	 	96,002.77
8 Jan 2023	8 Jan 2023	   TO TRANSFER-UPI/DR/300870020051/MOHAMMED/PYTM/paytmqr281/Payme--	TRANSFER TO 4697022162096	400.00	 	95,602.77
8 Jan 2023	8 Jan 2023	   TO TRANSFER-UPI/DR/300832027773/PRAKHAR /HDFC/prakhar140/Addin--	TRANSFER TO 5099824162096	15,000.00	 	80,602.77
8 Jan 2023	8 Jan 2023	   TO TRANSFER-UPI/DR/300867591100/Ram smok/PYTM/paytmqr281/Payme--	TRANSFER TO 5098108162098	27.00	 	80,575.77
8 Jan 2023	8 Jan 2023	   TO TRANSFER-UPI/DR/300852890120/Swiggy/ICIC/swiggystor/Payment--	TRANSFER TO 4696998162092	1,222.00	 	79,353.77
9 Jan 2023	9 Jan 2023	   BY TRANSFER-UPI/CR/300963733223/SAURAV  /SBIN/saurav.sha/UPI--	TRANSFER FROM 5098228162091	 	27,000.00	1,06,353.77
9 Jan 2023	9 Jan 2023	   TO TRANSFER-UPI/DR/300925520454/Wakefit/ICIC/cfwakefit@/Pay fo--	TRANSFER TO 4696794162093	15,883.00	 	90,470.77
10 Jan 2023	10 Jan 2023	   TO TRANSFER-UPI/DR/301014265327/ANUBHAV /UBIN/8815224653/Payme--	TRANSFER TO 5099418162099	8,000.00	 	82,470.77
10 Jan 2023	10 Jan 2023	   TO TRANSFER-UPI/DR/301071957993/Hotel sa/PYTM/paytmqr281/Payme--	TRANSFER TO 4696836162098	36.00	 	82,434.77
10 Jan 2023	10 Jan 2023	   TO TRANSFER-UPI/DR/301091565527/LIFE STY/HSBC/ls01342pl@/Payme--	TRANSFER TO 4692496162091	100.00	 	82,334.77
11 Jan 2023	11 Jan 2023	   BY TRANSFER-UPI/CR/301141883256/ANAMIKA /UBIN/anamikad09/Payme--	TRANSFER FROM 5098999162092	 	2,200.00	84,534.77
11 Jan 2023	11 Jan 2023	   BY TRANSFER-UPI/CR/337711601055/SINGH AN/HDFC/ananyarsin/Cab T--	TRANSFER FROM 4693255162099	 	110.00	84,644.77
11 Jan 2023	11 Jan 2023	   TO TRANSFER-UPI/DR/301141366190/APIL  UD/KKBK/8761997929/Payme--	TRANSFER TO 5099520162090	250.00	 	84,394.77
13 Jan 2023	13 Jan 2023	   TO TRANSFER-UPI/DR/301379609223/Taco Bel/PYTM/paytm-7481/Payme--	TRANSFER TO 4692618162097	502.00	 	83,892.77
14 Jan 2023	14 Jan 2023	   TO TRANSFER-UPI/DR/301493803234/Hotel sa/PYTM/paytmqr281/Payme--	TRANSFER TO 5097978162095	12.00	 	83,880.77
14 Jan 2023	14 Jan 2023	   TO TRANSFER-UPI/DR/301437855277/Amazon I/YESB/amazon@yap/You a--	TRANSFER TO 4696962162094	298.21	 	83,582.56
14 Jan 2023	14 Jan 2023	   TO TRANSFER-UPI/DR/301410000406/SWIGGYIN/YESB/swiggyinst/Debit--	TRANSFER TO 4692620162092	236.00	 	83,346.56
14 Jan 2023	14 Jan 2023	   BY TRANSFER-UPI/CR/301480892233/Paytm/PYTM/ptmupf@pay/Cashback--	TRANSFER FROM 5098680162093	 	3.41	83,349.97
15 Jan 2023	15 Jan 2023	   TO TRANSFER-UPI/DR/301512295674/Swiggy/UTIB/swiggyupi@/Swiggy--	TRANSFER TO 5098104162092	305.00	 	83,044.97
16 Jan 2023	16 Jan 2023	   TO TRANSFER-UPI/DR/301614141044/SPOTIFY/HDFC/billdeskpg/SPOTIF--	TRANSFER TO 4695798162096	595.00	 	82,449.97
16 Jan 2023	16 Jan 2023	   TO TRANSFER-UPI/DR/301672178504/Swiggy/ICIC/swiggystor/Payment--	TRANSFER TO 4692451162093	210.00	 	82,239.97
16 Jan 2023	16 Jan 2023	   TO TRANSFER-UPI/DR/301672195434/Swiggy/ICIC/swiggystor/Payment--	TRANSFER TO 4696798162099	261.00	 	81,978.97
16 Jan 2023	16 Jan 2023	   TO TRANSFER-UPI/DR/301631494593/MISBA  F/UJVN/7892292813/Payme--	TRANSFER TO 5099363162099	3,500.00	 	78,478.97
16 Jan 2023	16 Jan 2023	   BY TRANSFER-UPI/CR/338265365509/NEHA CHO/ICIC/8349656703/NA--	TRANSFER FROM 4899329162096	 	1,200.00	79,678.97
16 Jan 2023	16 Jan 2023	   by debit card-OTHPG 781323      GOOGLE PLAY SER CYBS SMUMBAI--		99.00	 	79,579.97
17 Jan 2023	17 Jan 2023	   TO TRANSFER-UPI/DR/301716125807/NETFLIX /HDFC/netflixupi/Month--	TRANSFER TO 4695899162091	199.00	 	79,380.97
17 Jan 2023	17 Jan 2023	   TO TRANSFER-UPI/DR/338378899380/PRAKHAR /HDFC/prakhar140/Addit--	TRANSFER TO 4693958162091	5,000.00	 	74,380.97
17 Jan 2023	17 Jan 2023	   TO TRANSFER-UPI/DR/301796485934/SWIGGYIN/YESB/swiggyinst/Debit--	TRANSFER TO 4692462162091	459.00	 	73,921.97
17 Jan 2023	17 Jan 2023	   TO TRANSFER-UPI/DR/301796594208/ANUBHAV /UBIN/8815224653/Payme--	TRANSFER TO 4693878162091	50,000.00	 	23,921.97
19 Jan 2023	19 Jan 2023	   TO TRANSFER-UPI/DR/301986063655/Ram smok/PYTM/paytmqr281/Payme--	TRANSFER TO 4692574162093	17.00	 	23,904.97
20 Jan 2023	20 Jan 2023	   TO TRANSFER-UPI/DR/302046519067/ESHWRAPPA/KARB/9980700351/Paym--	TRANSFER TO 4695688162092	112.00	 	23,792.97
21 Jan 2023	21 Jan 2023	   TO TRANSFER-UPI/DR/302186852696/SWIGGY/ICIC/upiswiggy@/Payment--	TRANSFER TO 5098002162097	150.00	 	23,642.97
22 Jan 2023	22 Jan 2023	   TO TRANSFER-UPI/DR/302287981337/Swiggy/ICIC/swiggystor/Payment--	TRANSFER TO 4696401162093	235.00	 	23,407.97
23 Jan 2023	23 Jan 2023	   TO TRANSFER-UPI/DR/338920381519/RAJATH N K/UTIB/9535306442/Chi--	TRANSFER TO 4693835162091	60.00	 	23,347.97
26 Jan 2023	26 Jan 2023	   TO TRANSFER-UPI/DR/302624691036/Hotel In/PYTM/paytmqr281/Wine--	TRANSFER TO 4696080162093	940.00	 	22,407.97
26 Jan 2023	26 Jan 2023	   TO TRANSFER-UPI/DR/302649155529/Iqbal  C/FDRL/BHARATPE.9/Pay t--	TRANSFER TO 4696914162091	600.00	 	21,807.97
27 Jan 2023	27 Jan 2023	   TO TRANSFER-UPI/DR/339397905061/JAMSHEER/YESB/Q068142940/T shi--	TRANSFER TO 4696202162099	400.00	 	21,407.97
27 Jan 2023	27 Jan 2023	   TO TRANSFER-UPI/DR/302771092911/SALFI K B/PYTM/paytmqr281/Masa--	TRANSFER TO 4692615162090	205.00	 	21,202.97
27 Jan 2023	27 Jan 2023	   TO TRANSFER-UPI/DR/302730856086/Naushad /ESMF/Q001526133/Plast--	TRANSFER TO 4898877162097	190.00	 	21,012.97
28 Jan 2023	28 Jan 2023	   TO TRANSFER-UPI/DR/302881541183/SHANAVAS/PYTM/paytmqr281/Qatar--	TRANSFER TO 4696983162099	1,400.00	 	19,612.97
28 Jan 2023	28 Jan 2023	   TO TRANSFER-UPI/DR/302875481713/BHARATHI/PYTM/paytmqr281/Tea b--	TRANSFER TO 4692657162090	120.00	 	19,492.97
28 Jan 2023	28 Jan 2023	   TO TRANSFER-UPI/DR/339461040647/Bharti A/YESB/AIRTELPRED/Payme--	TRANSFER TO 4696286162091	298.00	 	19,194.97
28 Jan 2023	28 Jan 2023	   TO TRANSFER-UPI/DR/302863926416/Ram smok/PYTM/paytmqr281/Payme--	TRANSFER TO 5097980162090	34.00	 	19,160.97
28 Jan 2023	28 Jan 2023	   TO TRANSFER-UPI/DR/302802651247/SWIGGY/YESB/swiggy@yes/Debit M--	TRANSFER TO 4692641162098	270.00	 	18,890.97
28 Jan 2023	28 Jan 2023	   BY TRANSFER-UPI/CR/339493830288/Paytm/PYTM/ptmupf@pay/Cashback--	TRANSFER FROM 4898993162094	 	11.25	18,902.22
29 Jan 2023	29 Jan 2023	   TO TRANSFER-UPI/DR/302938738527/LIFE INS/HDFC/lifeincorp/PAYME--	TRANSFER TO 4696994162096	6,067.56	 	12,834.66
29 Jan 2023	29 Jan 2023	   TO TRANSFER-UPI/DR/302938741082/LIFE INS/HDFC/lifeincorp/PAYME--	TRANSFER TO 4697013162097	2,333.78	 	10,500.88
29 Jan 2023	29 Jan 2023	   TO TRANSFER-UPI/DR/302968099903/Ram smok/PYTM/paytmqr281/Payme--	TRANSFER TO 4692670162093	34.00	 	10,466.88
29 Jan 2023	29 Jan 2023	   TO TRANSFER-UPI/DR/302990196138/Hotel sa/PYTM/paytmqr281/Payme--	TRANSFER TO 5098073162094	15.00	 	10,451.88
29 Jan 2023	29 Jan 2023	   TO TRANSFER-UPI/DR/339510841787/SWIGGY/YESB/swiggy@yes/Debit M--	TRANSFER TO 4696393162099	223.00	 	10,228.88
29 Jan 2023	29 Jan 2023	   TO TRANSFER-UPI/DR/302965512752/Ram smok/PYTM/paytmqr281/Payme--	TRANSFER TO 5098100162095	17.00	 	10,211.88
30 Jan 2023	30 Jan 2023	   TO TRANSFER-UPI/DR/303058640141/PRAKASH P/PYTM/paytmqr281/Paym--	TRANSFER TO 4696804162095	10.00	 	10,201.88
30 Jan 2023	30 Jan 2023	   TO TRANSFER-UPI/DR/339672029215/VINOD KU/YESB/Q857427360/Payme--	TRANSFER TO 4692436162092	34.00	 	10,167.88
31 Jan 2023	31 Jan 2023	   TO TRANSFER-UPI/DR/303120461250/Shivakum/PYTM/paytmqr281/Payme--	TRANSFER TO 4692487162092	17.00	 	10,150.88
31 Jan 2023	31 Jan 2023	   BY TRANSFER-UPI/CR/303125850850/NEHA MIS/HDFC/misra.neha/UPI--	TRANSFER FROM 4898948162098	 	42,000.00	52,150.88
31 Jan 2023	31 Jan 2023	   BY TRANSFER-NEFT*HDFC0004989*301313658458*IBIBO GROUP PRIVATE--	TRANSFER FROM 3199961044301	 	77,625.00	1,29,775.88
31 Jan 2023	31 Jan 2023	   TO TRANSFER-UPI/DR/303188234426/AMPLE TE/HDFC/ampletechn/Apple--	TRANSFER TO 4692474162097	10,568.00	 	1,19,207.88
31 Jan 2023	31 Jan 2023	   TO TRANSFER-UPI/DR/339793239352/RAHAMATH/YESB/Q704027192/Scree--	TRANSFER TO 4696833162091	550.00	 	1,18,657.88
31 Jan 2023	31 Jan 2023	   TO TRANSFER-UPI/DR/303144025295/Apple Se/HDFC/billdeskpg/APPLE--	TRANSFER TO 4692493162094	1,078.00	 	1,17,579.88

**This is a computer generated statement and does not require a signature

